<record><leader>00000cas a22000007a 4500</leader><controlfield tag="001">27950900</controlfield><controlfield tag="008">930420d18771900scuir ne      0   a0eng d</controlfield><datafield ind1=" " ind2=" " tag="010"><subfield code="a">sn 93067705 </subfield></datafield><datafield ind1=" " ind2=" " tag="040"><subfield code="a">SVN</subfield><subfield code="b">eng</subfield><subfield code="c">SVN</subfield><subfield code="d">OCLCQ</subfield><subfield code="d">DLC</subfield><subfield code="d">OCLCF</subfield></datafield><datafield ind1="0" ind2=" " tag="022"><subfield code="a">2331-0162</subfield><subfield code="2">1</subfield></datafield><datafield ind1="1" ind2=" " tag="029"><subfield code="a">AU@</subfield><subfield code="b">000020742023</subfield></datafield><datafield ind1=" " ind2=" " tag="042"><subfield code="a">msc</subfield><subfield code="a">nsdp</subfield></datafield><datafield ind1=" " ind2=" " tag="043"><subfield code="a">n-us-sc</subfield></datafield><datafield ind1="0" ind2="0" tag="050"><subfield code="a">Newspaper</subfield></datafield><datafield ind1="0" ind2="0" tag="082"><subfield code="a">071</subfield><subfield code="2">23</subfield></datafield><datafield ind1="0" ind2=" " tag="130"><subfield code="a">News and herald (Winnsboro, S.C. : Triweekly)</subfield></datafield><datafield ind1=" " ind2="4" tag="222"><subfield code="a">The news and herald</subfield><subfield code="b">(Winnsboro, S.C. Triweekly. Print)</subfield></datafield><datafield ind1="1" ind2="4" tag="245"><subfield code="a">The news and herald.</subfield></datafield><datafield ind1=" " ind2=" " tag="260"><subfield code="a">Winnsboro, S.C. :</subfield><subfield code="b">Jno. S. Reynolds</subfield></datafield><datafield ind1=" " ind2=" " tag="300"><subfield code="a">v.</subfield></datafield><datafield ind1=" " ind2=" " tag="310"><subfield code="a">Triweekly</subfield></datafield><datafield ind1="0" ind2=" " tag="362"><subfield code="a">Vol. 1, no. 1 (Feb. 1, 1877)-</subfield></datafield><datafield ind1="1" ind2=" " tag="362"><subfield code="a">Ceased in Dec. 1900.</subfield></datafield><datafield ind1=" " ind2=" " tag="530"><subfield code="a">Archived issues are available in digital format as part of the Library of Congress Chronicling America online collection.</subfield></datafield><datafield ind1=" " ind2="0" tag="651"><subfield code="a">Fairfield County (S.C.)</subfield><subfield code="v">Newspapers.</subfield></datafield><datafield ind1=" " ind2="7" tag="655"><subfield code="a">Newspapers.</subfield><subfield code="2">fast</subfield><subfield code="0">(OCoLC)fst01423814</subfield></datafield><datafield ind1=" " ind2="7" tag="651"><subfield code="a">South Carolina</subfield><subfield code="z">Fairfield County.</subfield><subfield code="2">fast</subfield><subfield code="0">(OCoLC)fst01207054</subfield></datafield><datafield ind1=" " ind2=" " tag="752"><subfield code="a">United States</subfield><subfield code="b">South Carolina</subfield><subfield code="c">Fairfield</subfield><subfield code="d">Winnsboro.</subfield></datafield><datafield ind1="1" ind2=" " tag="775"><subfield code="t">News and herald (Winnsboro, S.C. : Weekly)</subfield><subfield code="x">2330-8761</subfield><subfield code="w">(DLC)sn 86063744</subfield><subfield code="w">(OCoLC)13646309</subfield></datafield><datafield ind1="1" ind2=" " tag="775"><subfield code="t">Fairfield news and herald</subfield><subfield code="w">(DLC)  2012218613</subfield><subfield code="w">(OCoLC)783786628</subfield></datafield><datafield ind1="0" ind2="8" tag="776"><subfield code="i">Online version:</subfield><subfield code="t">News and herald (Winnsboro, S.C. : Triweekly : Online)</subfield><subfield code="x">2331-0170</subfield><subfield code="w">(DLC)  2013218969</subfield><subfield code="w">(OCoLC)857815577</subfield></datafield><datafield ind1="4" ind2="1" tag="856"><subfield code="u">http://chroniclingamerica.loc.gov/lccn/sn93067705/issues</subfield></datafield></record>